@article{kingma2013auto,
  title={Auto-encoding variational bayes},
  author={Kingma, Diederik P and Welling, Max},
  journal={arXiv preprint arXiv:1312.6114},
  year={2013}
}

@misc{sohldickstein2015deep,
      title={Deep Unsupervised Learning using Nonequilibrium Thermodynamics}, 
      author={Jascha Sohl-Dickstein and Eric A. Weiss and Niru Maheswaranathan and Surya Ganguli},
      year={2015},
      eprint={1503.03585},
      archivePrefix={arXiv},
      primaryClass={cs.LG}
}

@misc{ho2020denoising,
      title={Denoising Diffusion Probabilistic Models}, 
      author={Jonathan Ho and Ajay Jain and Pieter Abbeel},
      year={2020},
      eprint={2006.11239},
      archivePrefix={arXiv},
      primaryClass={cs.LG}
}

@misc{luo2022understanding,
      title={Understanding Diffusion Models: A Unified Perspective}, 
      author={Calvin Luo},
      year={2022},
      eprint={2208.11970},
      archivePrefix={arXiv},
      primaryClass={cs.LG}
}

@misc{dieleman2022guidance,
  author = {Dieleman, Sander},
  title = {Guidance: a cheat code for diffusion models},
  url = {https://benanne.github.io/2022/05/26/guidance.html},
  year = {2022}
}

@article{Ho2022ClassifierFreeDG,
  title={Classifier-Free Diffusion Guidance},
  author={Jonathan Ho},
  journal={ArXiv},
  year={2022},
  volume={abs/2207.12598}
}

@article{Dhariwal2021DiffusionMB,
  title={Diffusion Models Beat GANs on Image Synthesis},
  author={Prafulla Dhariwal and Alex Nichol},
  journal={ArXiv},
  year={2021},
  volume={abs/2105.05233}
}

% Evaluation library for conditional image generation models
@misc{ku2023imagenhub,
      title={ImagenHub: Standardizing the evaluation of conditional image generation models}, 
      author={Max Ku and Tianle Li and Kai Zhang and Yujie Lu and Xingyu Fu and Wenwen Zhuang and Wenhu Chen},
      year={2023},
      eprint={2310.01596},
      archivePrefix={arXiv},
      primaryClass={cs.CV}
}

@misc{nichol2021improved,
      title={Improved Denoising Diffusion Probabilistic Models}, 
      author={Alex Nichol and Prafulla Dhariwal},
      year={2021},
      eprint={2102.09672},
      archivePrefix={arXiv},
      primaryClass={cs.LG}
}

@misc{rombach2022highresolution,
      title={High-Resolution Image Synthesis with Latent Diffusion Models}, 
      author={Robin Rombach and Andreas Blattmann and Dominik Lorenz and Patrick Esser and Bj√∂rn Ommer},
      year={2022},
      eprint={2112.10752},
      archivePrefix={arXiv},
      primaryClass={cs.CV}
}

@misc{dieleman2023geometry,
  author = {Dieleman, Sander},
  title = {The geometry of diffusion guidance},
  url = {https://sander.ai/2023/08/28/geometry.html},
  year = {2023}
}

@article{nichol2021glide,
  title={Glide: Towards photorealistic image generation and editing with text-guided diffusion models},
  author={Nichol, Alex and Dhariwal, Prafulla and Ramesh, Aditya and Shyam, Pranav and Mishkin, Pamela and McGrew, Bob and Sutskever, Ilya and Chen, Mark},
  journal={arXiv preprint arXiv:2112.10741},
  year={2021}
}

@misc{pernias2023wuerstchen,
      title={Wuerstchen: An Efficient Architecture for Large-Scale Text-to-Image Diffusion Models}, 
      author={Pablo Pernias and Dominic Rampas and Mats L. Richter and Christopher J. Pal and Marc Aubreville},
      year={2023},
      eprint={2306.00637},
      archivePrefix={arXiv},
      primaryClass={cs.CV}
}

@misc{song2020generative,
      title={Generative Modeling by Estimating Gradients of the Data Distribution}, 
      author={Yang Song and Stefano Ermon},
      year={2020},
      eprint={1907.05600},
      archivePrefix={arXiv},
      primaryClass={cs.LG}
}

@misc{song2020improved,
      title={Improved Techniques for Training Score-Based Generative Models}, 
      author={Yang Song and Stefano Ermon},
      year={2020},
      eprint={2006.09011},
      archivePrefix={arXiv},
      primaryClass={cs.LG}
}

@inproceedings{song2021scorebased,
              title={Score-Based Generative Modeling through Stochastic Differential Equations},
              author={Yang Song and Jascha Sohl-Dickstein and Diederik P Kingma and Abhishek Kumar and Stefano Ermon and Ben Poole},
              booktitle={International Conference on Learning Representations},
              year={2021},
              url={https://openreview.net/forum?id=PxTIG12RRHS}
}

@article{song2020denoising,
  title={Denoising diffusion implicit models},
  author={Song, Jiaming and Meng, Chenlin and Ermon, Stefano},
  journal={arXiv preprint arXiv:2010.02502},
  year={2020}
}

@misc{nichol2022glide,
      title={GLIDE: Towards Photorealistic Image Generation and Editing with Text-Guided Diffusion Models}, 
      author={Alex Nichol and Prafulla Dhariwal and Aditya Ramesh and Pranav Shyam and Pamela Mishkin and Bob McGrew and Ilya Sutskever and Mark Chen},
      year={2022},
      eprint={2112.10741},
      archivePrefix={arXiv},
      primaryClass={cs.CV}
}

@article{ramesh2022hierarchical,
  title={Hierarchical text-conditional image generation with clip latents},
  author={Ramesh, Aditya and Dhariwal, Prafulla and Nichol, Alex and Chu, Casey and Chen, Mark},
  journal={arXiv preprint arXiv:2204.06125},
  year={2022}
}

@article{saharia2022photorealistic,
  title={Photorealistic text-to-image diffusion models with deep language understanding},
  author={Saharia, Chitwan and Chan, William and Saxena, Saurabh and Li, Lala and Whang, Jay and Denton, Emily L and Ghasemipour, Kamyar and Gontijo Lopes, Raphael and Karagol Ayan, Burcu and Salimans, Tim and others},
  journal={Advances in Neural Information Processing Systems},
  volume={35},
  pages={36479--36494},
  year={2022}
}

@misc{ho2021cascaded,
      title={Cascaded Diffusion Models for High Fidelity Image Generation}, 
      author={Jonathan Ho and Chitwan Saharia and William Chan and David J. Fleet and Mohammad Norouzi and Tim Salimans},
      year={2021},
      eprint={2106.15282},
      archivePrefix={arXiv},
      primaryClass={cs.CV}
}


@article{Salimans2022ProgressiveDF,
  title={Progressive Distillation for Fast Sampling of Diffusion Models},
  author={Tim Salimans and Jonathan Ho},
  journal={ArXiv},
  year={2022},
  volume={abs/2202.00512}
}

% fine-tuning diffusion models
@misc{ruiz2023dreambooth,
      title={DreamBooth: Fine Tuning Text-to-Image Diffusion Models for Subject-Driven Generation}, 
      author={Nataniel Ruiz and Yuanzhen Li and Varun Jampani and Yael Pritch and Michael Rubinstein and Kfir Aberman},
      year={2023},
      eprint={2208.12242},
      archivePrefix={arXiv},
      primaryClass={cs.CV}
}

@misc{zhang2023adding,
      title={Adding Conditional Control to Text-to-Image Diffusion Models}, 
      author={Lvmin Zhang and Maneesh Agrawala},
      year={2023},
      eprint={2302.05543},
      archivePrefix={arXiv},
      primaryClass={cs.CV}
}

@misc{gal2022image,
      title={An Image is Worth One Word: Personalizing Text-to-Image Generation using Textual Inversion}, 
      author={Rinon Gal and Yuval Alaluf and Yuval Atzmon and Or Patashnik and Amit H. Bermano and Gal Chechik and Daniel Cohen-Or},
      year={2022},
      eprint={2208.01618},
      archivePrefix={arXiv},
      primaryClass={cs.CV}
}

@misc{shi2023instantbooth,
      title={InstantBooth: Personalized Text-to-Image Generation without Test-Time Finetuning}, 
      author={Jing Shi and Wei Xiong and Zhe Lin and Hyun Joon Jung},
      year={2023},
      eprint={2304.03411},
      archivePrefix={arXiv},
      primaryClass={cs.CV}
}

@article{tang2023codi,
  author  = {Tang, Zineng and Yang, Ziyi and Zhu, Chenguang and Zeng, Michael and Bansal, Mohit},
  title   = {Any-to-Any Generation via Composable Diffusion},
  journal = {arxiv},
  year    = {2023},
}

% Reinforcement Learning 
@article{williams1992simple,
  title={Simple statistical gradient-following algorithms for connectionist reinforcement learning},
  author={Williams, Ronald J},
  journal={Machine learning},
  volume={8},
  pages={229--256},
  year={1992},
  publisher={Springer}
}

@article{black2023training,
  title={Training diffusion models with reinforcement learning},
  author={Black, Kevin and Janner, Michael and Du, Yilun and Kostrikov, Ilya and Levine, Sergey},
  journal={arXiv preprint arXiv:2305.13301},
  year={2023}
}

@misc{mnih2013playing,
      title={Playing Atari with Deep Reinforcement Learning}, 
      author={Volodymyr Mnih and Koray Kavukcuoglu and David Silver and Alex Graves and Ioannis Antonoglou and Daan Wierstra and Martin Riedmiller},
      year={2013},
      eprint={1312.5602},
      archivePrefix={arXiv},
      primaryClass={cs.LG}
}

@article{schulman2015high,
  title={High-dimensional continuous control using generalized advantage estimation},
  author={Schulman, John and Moritz, Philipp and Levine, Sergey and Jordan, Michael and Abbeel, Pieter},
  journal={arXiv preprint arXiv:1506.02438},
  year={2015}
}

@article{silver2016mastering,
  title={Mastering the game of Go with deep neural networks and tree search},
  author={Silver, David and Huang, Aja and Maddison, Chris J and Guez, Arthur and Sifre, Laurent and Van Den Driessche, George and Schrittwieser, Julian and Antonoglou, Ioannis and Panneershelvam, Veda and Lanctot, Marc and others},
  journal={nature},
  volume={529},
  number={7587},
  pages={484--489},
  year={2016},
  publisher={Nature Publishing Group}
}

@misc{seita2017going,
  title={Going Deeper Into Reinforcement Learning: Fundamentals of Policy Gradients},
  author={Seita, Daniel},
  year={2017},
  month={Mar},
  url={https://danieltakeshi.github.io/2017/03/28/going-deeper-into-reinforcement-learning-fundamentals-of-policy-gradients/}
}

@misc{mohamed2020monte,
      title={Monte Carlo Gradient Estimation in Machine Learning}, 
      author={Shakir Mohamed and Mihaela Rosca and Michael Figurnov and Andriy Mnih},
      year={2020},
      eprint={1906.10652},
      archivePrefix={arXiv},
      primaryClass={stat.ML}
}

@inproceedings{schulman2015trust,
  title={Trust region policy optimization},
  author={Schulman, John and Levine, Sergey and Abbeel, Pieter and Jordan, Michael and Moritz, Philipp},
  booktitle={International conference on machine learning},
  pages={1889--1897},
  year={2015},
  organization={PMLR}
}

@article{schulman2017proximal,
  title={Proximal policy optimization algorithms},
  author={Schulman, John and Wolski, Filip and Dhariwal, Prafulla and Radford, Alec and Klimov, Oleg},
  journal={arXiv preprint arXiv:1707.06347},
  year={2017}
}

% related to Visual Language Model and Alignment with RLHF (LlaVA)
@misc{lee2023aligning,
      title={Aligning Text-to-Image Models using Human Feedback}, 
      author={Kimin Lee and Hao Liu and Moonkyung Ryu and Olivia Watkins and Yuqing Du and Craig Boutilier and Pieter Abbeel and Mohammad Ghavamzadeh and Shixiang Shane Gu},
      year={2023},
      eprint={2302.12192},
      archivePrefix={arXiv},
      primaryClass={cs.LG}
}

% related to RLHF and LLM
@misc{ouyang2022training,
      title={Training language models to follow instructions with human feedback}, 
      author={Long Ouyang and Jeff Wu and Xu Jiang and Diogo Almeida and Carroll L. Wainwright and Pamela Mishkin and Chong Zhang and Sandhini Agarwal and Katarina Slama and Alex Ray and John Schulman and Jacob Hilton and Fraser Kelton and Luke Miller and Maddie Simens and Amanda Askell and Peter Welinder and Paul Christiano and Jan Leike and Ryan Lowe},
      year={2022},
      eprint={2203.02155},
      archivePrefix={arXiv},
      primaryClass={cs.CL}
}

@inproceedings{Radford2019LanguageMA,
  title={Language Models are Unsupervised Multitask Learners},
  author={Alec Radford and Jeff Wu and Rewon Child and David Luan and Dario Amodei and Ilya Sutskever},
  year={2019},
  url={https://api.semanticscholar.org/CorpusID:160025533}
}

@article{kaufmann2023survey,
  title={A survey of reinforcement learning from human feedback},
  author={Kaufmann, Timo and Weng, Paul and Bengs, Viktor and H{\"u}llermeier, Eyke},
  journal={arXiv preprint arXiv:2312.14925},
  year={2023}
}

@misc{leike2018scalable,
      title={Scalable agent alignment via reward modeling: a research direction}, 
      author={Jan Leike and David Krueger and Tom Everitt and Miljan Martic and Vishal Maini and Shane Legg},
      year={2018},
      eprint={1811.07871},
      archivePrefix={arXiv},
      primaryClass={cs.LG}
}

@misc{ramesh2021zeroshot,
      title={Zero-Shot Text-to-Image Generation}, 
      author={Aditya Ramesh and Mikhail Pavlov and Gabriel Goh and Scott Gray and Chelsea Voss and Alec Radford and Mark Chen and Ilya Sutskever},
      year={2021},
      eprint={2102.12092},
      archivePrefix={arXiv},
      primaryClass={cs.CV}
}

@misc{ho2022imagen,
      title={Imagen Video: High Definition Video Generation with Diffusion Models}, 
      author={Jonathan Ho and William Chan and Chitwan Saharia and Jay Whang and Ruiqi Gao and Alexey Gritsenko and Diederik P. Kingma and Ben Poole and Mohammad Norouzi and David J. Fleet and Tim Salimans},
      year={2022},
      eprint={2210.02303},
      archivePrefix={arXiv},
      primaryClass={cs.CV}
}

% text-to-video generation
@misc{singer2022makeavideo,
      title={Make-A-Video: Text-to-Video Generation without Text-Video Data}, 
      author={Uriel Singer and Adam Polyak and Thomas Hayes and Xi Yin and Jie An and Songyang Zhang and Qiyuan Hu and Harry Yang and Oron Ashual and Oran Gafni and Devi Parikh and Sonal Gupta and Yaniv Taigman},
      year={2022},
      eprint={2209.14792},
      archivePrefix={arXiv},
      primaryClass={cs.CV}
}

@misc{song2022solving,
      title={Solving Inverse Problems in Medical Imaging with Score-Based Generative Models}, 
      author={Yang Song and Liyue Shen and Lei Xing and Stefano Ermon},
      year={2022},
      eprint={2111.08005},
      archivePrefix={arXiv},
      primaryClass={eess.IV}
}

@misc{jing2023torsional,
      title={Torsional Diffusion for Molecular Conformer Generation}, 
      author={Bowen Jing and Gabriele Corso and Jeffrey Chang and Regina Barzilay and Tommi Jaakkola},
      year={2023},
      eprint={2206.01729},
      archivePrefix={arXiv},
      primaryClass={physics.chem-ph}
}

@misc{yang2024diffusion,
      title={Diffusion Models: A Comprehensive Survey of Methods and Applications}, 
      author={Ling Yang and Zhilong Zhang and Yang Song and Shenda Hong and Runsheng Xu and Yue Zhao and Wentao Zhang and Bin Cui and Ming-Hsuan Yang},
      year={2024},
      eprint={2209.00796},
      archivePrefix={arXiv},
      primaryClass={cs.LG}
}

@misc{radford2021learning,
      title={Learning Transferable Visual Models From Natural Language Supervision}, 
      author={Alec Radford and Jong Wook Kim and Chris Hallacy and Aditya Ramesh and Gabriel Goh and Sandhini Agarwal and Girish Sastry and Amanda Askell and Pamela Mishkin and Jack Clark and Gretchen Krueger and Ilya Sutskever},
      year={2021},
      eprint={2103.00020},
      archivePrefix={arXiv},
      primaryClass={cs.CV}
}

@article{weng2021diffusion,
  title   = "What are diffusion models?",
  author  = "Weng, Lilian",
  journal = "lilianweng.github.io",
  year    = "2021",
  month   = "Jul",
  url     = "https://lilianweng.github.io/posts/2021-07-11-diffusion-models/"
}

@article{van2008visualizing,
  title={Visualizing data using t-SNE.},
  author={Van der Maaten, Laurens and Hinton, Geoffrey},
  journal={Journal of machine learning research},
  volume={9},
  number={11},
  year={2008}
}

@inproceedings{gao2023scaling,
  title={Scaling laws for reward model overoptimization},
  author={Gao, Leo and Schulman, John and Hilton, Jacob},
  booktitle={International Conference on Machine Learning},
  pages={10835--10866},
  year={2023},
  organization={PMLR}
}

@article{laion2022,
  author          = {Schuhmann, Christoph},
  title           = {LAION-Aesthetics V2},
  year            = {2022},
  url             = {https://laion.ai/blog/laion-aesthetics/}
}

@article{vitage-classifier-hf,
  author          = {Raw, Nate},
  title           = {Age Classification from Facial Photos Using Visual Transformers Trained on the FairFace Dataset},
  year            = {2021},
  url             = {https://huggingface.co/nateraw/vit-age-classifier}
}

@misc{k√§rkk√§inen2019fairfacefaceattributedataset,
      title={FairFace: Face Attribute Dataset for Balanced Race, Gender, and Age}, 
      author={Kimmo K√§rkk√§inen and Jungseock Joo},
      year={2019},
      eprint={1908.04913},
      archivePrefix={arXiv},
      primaryClass={cs.CV},
      url={https://arxiv.org/abs/1908.04913}, 
}

% celebahq-256 paper
@article{karras2017progressive,
  title={Progressive growing of gans for improved quality, stability, and variation},
  author={Karras, Tero and Aila, Timo and Laine, Samuli and Lehtinen, Jaakko},
  journal={arXiv preprint arXiv:1710.10196},
  year={2017}
}

@inproceedings{bansal2023universal,
  title={Universal guidance for diffusion models},
  author={Bansal, Arpit and Chu, Hong-Min and Schwarzschild, Avi and Sengupta, Soumyadip and Goldblum, Micah and Geiping, Jonas and Goldstein, Tom},
  booktitle={Proceedings of the IEEE/CVF Conference on Computer Vision and Pattern Recognition},
  pages={843--852},
  year={2023}
}

@article{schulman2016optimizing,
  title={Optimizing Expectations: From Deep Reinforcement Learning to Stochastic Computation Graphs},
  author={Schulman, John},
  year={2016}
}

@article{sutton1999policy,
  title={Policy gradient methods for reinforcement learning with function approximation},
  author={Sutton, Richard S and McAllester, David and Singh, Satinder and Mansour, Yishay},
  journal={Advances in neural information processing systems},
  volume={12},
  year={1999}
}

@article{peshkin2002learning,
  title={Learning from scarce experience},
  author={Peshkin, Leonid and Shelton, Christian R},
  journal={arXiv preprint cs/0204043},
  year={2002}
}

@inproceedings{dlr191986,
           title = {The 37 Implementation Details of Proximal Policy Optimization},
            year = {2022},
           month = {M{\"a}rz},
       booktitle = {The ICLR Blog Track 2023},
          author = {Huang, Shengyi and Dossa, Rousslan Fernand Julien and Raffin, Antonin and Kanervisto, Anssi and Wang, Weixun},
        abstract = {Proximal policy optimization (PPO) has become one of the most popular deep reinforcement learning (DRL) algorithms. Yet, reproducing the PPO's results has been challenging in the community.  While recent works conducted ablation studies to provide insight on PPO's implementation details, these works are not structured as tutorials and only focus on details concerning robotics tasks. As a result, reproducing PPO from scratch can become a daunting experience. Instead of introducing additional improvements, or doing further ablation studies, this blog post takes a step back and focuses on delivering a thorough reproduction of PPO in all accounts, as well as aggregating, documenting, and cataloging its most salient implementation details. This blog post also points out software engineering challenges in PPO and further efficiency improvement via the accelerated vectorized environments. With these, we believe this blog post will help people understand PPO faster and better, facilitating customization and research upon this versatile RL algorithm.},
        keywords = {ppo, reinforcement learning, implementation, policy optimization},
             url = {https://elib.dlr.de/191986/}
}

@book{mackay-book,
author = {MacKay, David J. C.},
title = {Information Theory, Inference \& Learning Algorithms},
year = {2002},
isbn = {0521642981},
publisher = {Cambridge University Press},
address = {USA}
}

@book{Sutton1998,
  added-at = {2019-07-13T10:11:53.000+0200},
  author = {Sutton, Richard S. and Barto, Andrew G.},
  biburl = {https://www.bibsonomy.org/bibtex/2f46601cf8b13d39d1378af0d79438b12/lanteunis},
  edition = {Second},
  interhash = {ac6b144aaec1819919a2fba9f705c852},
  intrahash = {f46601cf8b13d39d1378af0d79438b12},
  keywords = {},
  publisher = {The MIT Press},
  timestamp = {2019-07-13T10:11:53.000+0200},
  title = {Reinforcement Learning: An Introduction},
  url = {http://incompleteideas.net/book/the-book-2nd.html},
  year = {2018 }
}

@misc{kingma2017adammethodstochasticoptimization,
      title={Adam: A Method for Stochastic Optimization}, 
      author={Diederik P. Kingma and Jimmy Ba},
      year={2017},
      eprint={1412.6980},
      archivePrefix={arXiv},
      primaryClass={cs.LG},
      url={https://arxiv.org/abs/1412.6980}, 
}

@inproceedings{NIPS2001_584b98aa,
 author = {Greensmith, Evan and Bartlett, Peter and Baxter, Jonathan},
 booktitle = {Advances in Neural Information Processing Systems},
 editor = {T. Dietterich and S. Becker and Z. Ghahramani},
 pages = {},
 publisher = {MIT Press},
 title = {Variance Reduction Techniques for Gradient Estimates in Reinforcement Learning},
 url = {https://proceedings.neurips.cc/paper_files/paper/2001/file/584b98aac2dddf59ee2cf19ca4ccb75e-Paper.pdf},
 volume = {14},
 year = {2001}
}

@misc{foundations-deeprl-series-l3,
  author = {Abbeel, Pieter},
  title = {L3 Policy Gradients and Advantage Estimation},
  organization = {Youtube},
  date = {2021},
  url = {https://youtu.be/AKbX1Zvo7r8?t=1501}
}

@misc{mnih2016asynchronousmethodsdeepreinforcement,
      title={Asynchronous Methods for Deep Reinforcement Learning}, 
      author={Volodymyr Mnih and Adri√† Puigdom√®nech Badia and Mehdi Mirza and Alex Graves and Timothy P. Lillicrap and Tim Harley and David Silver and Koray Kavukcuoglu},
      year={2016},
      eprint={1602.01783},
      archivePrefix={arXiv},
      primaryClass={cs.LG},
      url={https://arxiv.org/abs/1602.01783}, 
}

@misc{andrychowicz2020mattersonpolicyreinforcementlearning,
      title={What Matters In On-Policy Reinforcement Learning? A Large-Scale Empirical Study}, 
      author={Marcin Andrychowicz and Anton Raichuk and Piotr Sta≈Ñczyk and Manu Orsini and Sertan Girgin and Raphael Marinier and L√©onard Hussenot and Matthieu Geist and Olivier Pietquin and Marcin Michalski and Sylvain Gelly and Olivier Bachem},
      year={2020},
      eprint={2006.05990},
      archivePrefix={arXiv},
      primaryClass={cs.LG},
      url={https://arxiv.org/abs/2006.05990}, 
}

@misc{du2023visionlanguagemodelssuccessdetectors,
      title={Vision-Language Models as Success Detectors}, 
      author={Yuqing Du and Ksenia Konyushkova and Misha Denil and Akhil Raju and Jessica Landon and Felix Hill and Nando de Freitas and Serkan Cabi},
      year={2023},
      eprint={2303.07280},
      archivePrefix={arXiv},
      primaryClass={cs.CV},
      url={https://arxiv.org/abs/2303.07280}, 
}

@article{bradley-terry-model,
 ISSN = {00063444, 14643510},
 URL = {http://www.jstor.org/stable/2334029},
 author = {Ralph Allan Bradley and Milton E. Terry},
 journal = {Biometrika},
 number = {3/4},
 pages = {324--345},
 publisher = {[Oxford University Press, Biometrika Trust]},
 title = {Rank Analysis of Incomplete Block Designs: I. The Method of Paired Comparisons},
 urldate = {2024-07-07},
 volume = {39},
 year = {1952}
}

@misc{deng2024prdpproximalrewarddifference,
      title={PRDP: Proximal Reward Difference Prediction for Large-Scale Reward Finetuning of Diffusion Models}, 
      author={Fei Deng and Qifei Wang and Wei Wei and Matthias Grundmann and Tingbo Hou},
      year={2024},
      eprint={2402.08714},
      archivePrefix={arXiv},
      primaryClass={cs.LG},
      url={https://arxiv.org/abs/2402.08714}, 
}

@misc{fan2023dpokreinforcementlearningfinetuning,
      title={DPOK: Reinforcement Learning for Fine-tuning Text-to-Image Diffusion Models}, 
      author={Ying Fan and Olivia Watkins and Yuqing Du and Hao Liu and Moonkyung Ryu and Craig Boutilier and Pieter Abbeel and Mohammad Ghavamzadeh and Kangwook Lee and Kimin Lee},
      year={2023},
      eprint={2305.16381},
      archivePrefix={arXiv},
      primaryClass={cs.LG},
      url={https://arxiv.org/abs/2305.16381}, 
 }

 @PHDTHESIS{Du2023-fg,
  title    = {Human-Centric Reward Design},
  author   = {Du, Yu Qing},
  advisor  = {Abbeel, Pieter},
  year     = {2023},
  school   = {UC Berkeley},
  url      = {https://escholarship.org/uc/item/6h96s744#main},
}

@article{Pommeranz-hci,
	author = {Pommeranz, Alina and Broekens, Joost and Wiggers, Pascal and Brinkman, Willem-Paul and Jonker, Catholijn M.},
	journal = {User Modeling and User-Adapted Interaction},
	number = {4},
	pages = {357--397},
	title = {Designing interfaces for explicit preference elicitation: a user-centered investigation of preference representation and elicitation process},
	volume = {22},
	year = {2012}}

@inproceedings{10.1145/3357236.3395525,
author = {Arzate Cruz, Christian and Igarashi, Takeo},
title = {A Survey on Interactive Reinforcement Learning: Design Principles and Open Challenges},
year = {2020},
isbn = {9781450369749},
publisher = {Association for Computing Machinery},
address = {New York, NY, USA},
url = {https://doi.org/10.1145/3357236.3395525},
doi = {10.1145/3357236.3395525},
abstract = {Interactive reinforcement learning (RL) has been successfully used in various applications in different fields, which has also motivated HCI researchers to contribute in this area. In this paper, we survey interactive RL to empower human-computer interaction (HCI) researchers with the technical background in RL needed to design new interaction techniques and propose new applications. We elucidate the roles played by HCI researchers in interactive RL, identifying ideas and promising research directions. Furthermore, we propose generic design principles that will provide researchers with a guide to effectively implement interactive RL applications.},
booktitle = {Proceedings of the 2020 ACM Designing Interactive Systems Conference},
pages = {1195‚Äì1209},
numpages = {15},
keywords = {human-agent interaction, interactive machine learning, interactive reinforcement learning},
location = {Eindhoven, Netherlands},
series = {DIS '20}
}

% Sample efficiency in diffusion models
@misc{karras2022elucidatingdesignspacediffusionbased,
      title={Elucidating the Design Space of Diffusion-Based Generative Models}, 
      author={Tero Karras and Miika Aittala and Timo Aila and Samuli Laine},
      year={2022},
      eprint={2206.00364},
      archivePrefix={arXiv},
      primaryClass={cs.CV},
      url={https://arxiv.org/abs/2206.00364}, 
}

% Sample efficiency in diffusion models
@misc{song2021scorebasedgenerativemodelingstochastic,
      title={Score-Based Generative Modeling through Stochastic Differential Equations}, 
      author={Yang Song and Jascha Sohl-Dickstein and Diederik P. Kingma and Abhishek Kumar and Stefano Ermon and Ben Poole},
      year={2021},
      eprint={2011.13456},
      archivePrefix={arXiv},
      primaryClass={cs.LG},
      url={https://arxiv.org/abs/2011.13456}, 
}

% Sample efficiency in diffusion models
@misc{watson2021learningefficientlysamplediffusion,
      title={Learning to Efficiently Sample from Diffusion Probabilistic Models}, 
      author={Daniel Watson and Jonathan Ho and Mohammad Norouzi and William Chan},
      year={2021},
      eprint={2106.03802},
      archivePrefix={arXiv},
      primaryClass={cs.LG},
      url={https://arxiv.org/abs/2106.03802}, 
}

% Sample efficiency in diffusion models
@misc{watson2022learningfastsamplersdiffusion,
      title={Learning Fast Samplers for Diffusion Models by Differentiating Through Sample Quality}, 
      author={Daniel Watson and William Chan and Jonathan Ho and Mohammad Norouzi},
      year={2022},
      eprint={2202.05830},
      archivePrefix={arXiv},
      primaryClass={cs.LG},
      url={https://arxiv.org/abs/2202.05830}, 
}

% Sample efficiency in LLMs
@misc{wan2024efficientlargelanguagemodels,
      title={Efficient Large Language Models: A Survey}, 
      author={Zhongwei Wan and Xin Wang and Che Liu and Samiul Alam and Yu Zheng and Jiachen Liu and Zhongnan Qu and Shen Yan and Yi Zhu and Quanlu Zhang and Mosharaf Chowdhury and Mi Zhang},
      year={2024},
      eprint={2312.03863},
      archivePrefix={arXiv},
      primaryClass={cs.CL},
      url={https://arxiv.org/abs/2312.03863}, 
}

@book{murphy2022probabilistic,
  title={Probabilistic Machine Learning: An Introduction},
  author={Murphy, K.P.},
  isbn={9780262046824},
  lccn={2021027430},
  series={Adaptive Computation and Machine Learning series},
  url={https://books.google.cl/books?id=HLlyzgEACAAJ},
  year={2022},
  publisher={MIT Press}
}

@misc{friedman2023vendiscorediversityevaluation,
      title={The Vendi Score: A Diversity Evaluation Metric for Machine Learning}, 
      author={Dan Friedman and Adji Bousso Dieng},
      year={2023},
      eprint={2210.02410},
      archivePrefix={arXiv},
      primaryClass={cs.LG},
      url={https://arxiv.org/abs/2210.02410}, 
}

@misc{pasarkar2024cousinsvendiscorefamily,
      title={Cousins Of The Vendi Score: A Family Of Similarity-Based Diversity Metrics For Science And Machine Learning}, 
      author={Amey P. Pasarkar and Adji Bousso Dieng},
      year={2024},
      eprint={2310.12952},
      archivePrefix={arXiv},
      primaryClass={cs.LG},
      url={https://arxiv.org/abs/2310.12952}, 
}

@misc{hemmat2024improvinggeodiversitygeneratedimages,
      title={Improving Geo-diversity of Generated Images with Contextualized Vendi Score Guidance}, 
      author={Reyhane Askari Hemmat and Melissa Hall and Alicia Sun and Candace Ross and Michal Drozdzal and Adriana Romero-Soriano},
      year={2024},
      eprint={2406.04551},
      archivePrefix={arXiv},
      primaryClass={cs.CV},
      url={https://arxiv.org/abs/2406.04551}, 
}

@article{Wang_2017,
   title={Knowledge Guided Disambiguation for Large-Scale Scene Classification With Multi-Resolution CNNs},
   volume={26},
   ISSN={1941-0042},
   url={http://dx.doi.org/10.1109/TIP.2017.2675339},
   DOI={10.1109/tip.2017.2675339},
   number={4},
   journal={IEEE Transactions on Image Processing},
   publisher={Institute of Electrical and Electronics Engineers (IEEE)},
   author={Wang, Limin and Guo, Sheng and Huang, Weilin and Xiong, Yuanjun and Qiao, Yu},
   year={2017},
   month=apr, pages={2055‚Äì2068} 
   }
